<collection xmlns="http://www.loc.gov/MARC21/slim">
<record>
  <leader>02126nam0a22002891i 450 </leader>
  <controlfield tag="001">IT\ICCU\CNCE\075173</controlfield>
  <controlfield tag="005">20150724000000.0</controlfield>
  <datafield tag="012" ind1=" " ind2=" ">
    <subfield code="a">m-i- 7.i* ete- Deen (3) 1600 (R)</subfield>
    <subfield code="2">fei</subfield>
    <subfield code="9">1</subfield>
  </datafield>
  <datafield tag="012" ind1=" " ind2=" ">
    <subfield code="a">usr- o-44 a-ui Mati (3) 1600 (R)</subfield>
    <subfield code="2">fei</subfield>
    <subfield code="9">2</subfield>
  </datafield>
  <datafield tag="012" ind1=" " ind2=" ">
    <subfield code="a">r.o- s-.2 tue- ilin (3) 1599 (R)</subfield>
    <subfield code="2">fei</subfield>
    <subfield code="9">3</subfield>
  </datafield>
  <datafield tag="100" ind1=" " ind2=" ">
    <subfield code="a">20100406g15991600    0itac0103    ba</subfield>
  </datafield>
  <datafield tag="101" ind1=" " ind2=" ">
    <subfield code="a">LAT</subfield>
  </datafield>
  <datafield tag="102" ind1=" " ind2=" ">
    <subfield code="a">IT</subfield>
  </datafield>
  <datafield tag="200" ind1="1" ind2=" ">
    <subfield code="a">Commentariorum, ac disputationum in tertiam partem d. Thomae, tomus primus \-tertius!. priorum viginti sex quaestionum eius partis accuratam, et valde elaboratam expositionem complectens. Auctore patre Francisco Suarez, Societatis Iesu, in academia Complutensi sacr ̆theologi ̆professore. ... Ab ipso auctore primum multis in locis emendata, deinde etiam scholiolis ad marginem illustrata: ac demum locorum Sacr ̆Scriptur ̆cum a diuo Thoma, tum a commentatore expositorum interpretatione rerum denique indice copiosiore ac vberiore aucta</subfield>
  </datafield>
  <datafield tag="210" ind1=" " ind2=" ">
    <subfield code="a">Venetiis</subfield>
    <subfield code="c">apud haeredes Francisci de Franciscis Senensis</subfield>
    <subfield code="d">1600</subfield>
  </datafield>
  <datafield tag="215" ind1=" " ind2=" ">
    <subfield code="a">3 v.</subfield>
    <subfield code="d">fol</subfield>
  </datafield>
  <datafield tag="300" ind1=" " ind2=" ">
    <subfield code="a">2: Venetiis : apud haeredes Francisci de Franciscis Senensis, 1600 (Venetiis : apud Dominicum de Imbertis, &amp; Paulum Vgolinum socios, 1600).3: Venetiis : apud haeredes Francisci de Franciscis Senensis, 1599 (Venetiis : apud Dominicum de Imbertis, &amp; Paulum Vgolinum socios, 1599)</subfield>
  </datafield>
  <datafield tag="620" ind1=" " ind2=" ">
    <subfield code="a">IT</subfield>
    <subfield code="d">Venezia</subfield>
  </datafield>
  <datafield tag="700" ind1=" " ind2="1">
    <subfield code="a">Suarez,</subfield>
    <subfield code="b">Francisco</subfield>
    <subfield code="3">IT\ICCU\CNCA\007278</subfield>
  </datafield>
  <datafield tag="712" ind1="0" ind2="0">
    <subfield code="a">Ugolino, Paolo &amp; Imberti, Domenico</subfield>
    <subfield code="3">IT\ICCU\CNCT\002780</subfield>
    <subfield code="4">650</subfield>
  </datafield>
  <datafield tag="712" ind1="0" ind2="0">
    <subfield code="a">De_Franceschi, Francesco</subfield>
    <subfield code="c"> &lt;senese&gt;- eredi</subfield>
    <subfield code="3">IT\ICCU\CNCT\000569</subfield>
    <subfield code="4">650</subfield>
  </datafield>
  <datafield tag="790" ind1=" " ind2="1">
    <subfield code="a">Suarez,</subfield>
    <subfield code="b">Francois</subfield>
    <subfield code="3">IT\ICCU\CNCA\023910</subfield>
    <subfield code="z">Suarez, Francisco</subfield>
  </datafield>
  <datafield tag="790" ind1=" " ind2="1">
    <subfield code="a">Suarez,</subfield>
    <subfield code="b">Franz</subfield>
    <subfield code="3">IT\ICCU\CNCA\023911</subfield>
    <subfield code="z">Suarez, Francisco</subfield>
  </datafield>
  <datafield tag="790" ind1=" " ind2="1">
    <subfield code="a">Suarez,</subfield>
    <subfield code="b">Franciscus</subfield>
    <subfield code="3">IT\ICCU\CNCA\023912</subfield>
    <subfield code="z">Suarez, Francisco</subfield>
  </datafield>
  <datafield tag="801" ind1=" " ind2="3">
    <subfield code="a">IT</subfield>
    <subfield code="b">ICCU</subfield>
    <subfield code="c">20201115</subfield>
  </datafield>
  <datafield tag="899" ind1=" " ind2=" ">
    <subfield code="a">Biblioteca Angelica. Roma</subfield>
    <subfield code="1">RM0290</subfield>
    <subfield code="2">RML 06</subfield>
  </datafield>
  <datafield tag="921" ind1=" " ind2=" ">
    <subfield code="a">IT\ICCU\CNCM\000282</subfield>
    <subfield code="b">Pace (donna seduta accanto a colonna, con ramo d&apos;olivo nella sinistra e fiaccola capovolta nella destra). Sulla colonna: PAX. In cornice figurata</subfield>
    <subfield code="e">Omnem sensum exuperat.</subfield>
    <subfield code="c">V331</subfield>
    <subfield code="f">COLONNA</subfield>
    <subfield code="f">OMNEMSENSU</subfield>
    <subfield code="f">PACE</subfield>
    <subfield code="f">PAX</subfield>
    <subfield code="f">DONNA</subfield>
    <subfield code="g">1573-1600</subfield>
  </datafield>
</record>
</collection>
